<record><leader>00000cas a22000007a 4500</leader><controlfield tag="001">10108309</controlfield><controlfield tag="008">831108d18731876pauwr ne      0    0eng d</controlfield><datafield ind1=" " ind2=" " tag="010"><subfield code="a">sn 83032008 </subfield></datafield><datafield ind1=" " ind2=" " tag="040"><subfield code="a">NPU</subfield><subfield code="b">eng</subfield><subfield code="c">NPU</subfield><subfield code="d">OCL</subfield><subfield code="d">NPX</subfield><subfield code="d">MGN</subfield><subfield code="d">OCLCQ</subfield></datafield><datafield ind1=" " ind2=" " tag="042"><subfield code="a">msc</subfield></datafield><datafield ind1="0" ind2="4" tag="245"><subfield code="a">The Birdsboro pioneer.</subfield></datafield><datafield ind1=" " ind2=" " tag="260"><subfield code="a">Birdsboro, Pa. :</subfield><subfield code="b">[B.F. Fries]</subfield></datafield><datafield ind1=" " ind2=" " tag="300"><subfield code="a">v. ;</subfield><subfield code="c">61 cm.</subfield></datafield><datafield ind1=" " ind2=" " tag="310"><subfield code="a">Weekly</subfield></datafield><datafield ind1="1" ind2=" " tag="362"><subfield code="a">Began in 1873; ceased in Jan. 1876? Cf. Montgomery, M.L. Hist. of Berks Co. in Pa., 1886.</subfield></datafield><datafield ind1=" " ind2=" " tag="500"><subfield code="a">Publisher's name recorded in Rowell, 1873.</subfield></datafield><datafield ind1=" " ind2=" " tag="588"><subfield code="a">Description based on: Vol. 1, no. 6 (May 29, 1873).</subfield></datafield><datafield ind1=" " ind2=" " tag="752"><subfield code="a">United States</subfield><subfield code="b">Pennsylvania</subfield><subfield code="c">Berks</subfield><subfield code="d">Birdsboro.</subfield></datafield><datafield ind1="0" ind2="0" tag="785"><subfield code="t">Industrial pioneer (Reading, Pa.)</subfield><subfield code="w">(DLC)sn 86053885</subfield></datafield></record>